@INPROCEEDINGS{4569672,
  author={Fischer, M. J. and Meyer, A. R.},
  booktitle={12th Annual Symposium on Switching and Automata Theory (swat 1971)}, 
  title={Boolean matrix multiplication and transitive closure}, 
  year={1971},
  volume={},
  number={},
  pages={129-131},
  doi={10.1109/SWAT.1971.4}
}
@book{10.5555/1614191,
author = {Cormen, Thomas H. and Leiserson, Charles E. and Rivest, Ronald L. and Stein, Clifford},
title = {Introduction to Algorithms, Third Edition},
year = {2009},
isbn = {0262033844},
publisher = {The MIT Press},
edition = {3rd},
}
@article{https://doi.org/10.48550/arxiv.math/0407224,
  doi = {10.48550/ARXIV.MATH/0407224},
  url = {https://arxiv.org/abs/math/0407224},
  author = {Landsberg,  J. M.},
  keywords = {Algebraic Geometry (math.AG),  Numerical Analysis (math.NA),  FOS: Mathematics,  FOS: Mathematics,  68Q17},
  title = {The border rank of the multiplication of two by two matrices is seven},
  publisher = {arXiv},
  year = {2004},
  copyright = {Assumed arXiv.org perpetual,  non-exclusive license to distribute this article for submissions made before January 2004}
}

@book{1984,
  doi = {10.1007/3-540-13866-8},
  url = {https://doi.org/10.1007/3-540-13866-8} ,
  year = {1984},
  publisher = {Springer Berlin Heidelberg},
  editor = {Victor Pan},
  title = {How to Multiply Matrices Faster}
}